<?xml version="1.0" encoding="UTF-8"?><collection xmlns="http://www.loc.gov/MARC21/slim"><record><leader>00396nam--2200133-i-4500</leader><controlfield tag="001">000012992</controlfield><controlfield tag="002">20161230</controlfield><controlfield tag="005">20161230201030</controlfield><controlfield tag="008">060222s1000------------r-----000-0-eng-d</controlfield><datafield ind1=" " ind2=" " tag="080"><subfield code="a">546.655:546.799.7:541.28(043)</subfield></datafield><datafield ind1=" " ind2=" " tag="100"><subfield code="a">Boulhassa, Saidati</subfield></datafield><datafield ind1=" " ind2=" " tag="245"><subfield code="a">Complexes citriques du cerium et berkelium tri valents. these</subfield></datafield><datafield ind1=" " ind2=" " tag="260"><subfield code="a">Paris, Universite Pierre Et Marie Curie, 1977 85p</subfield></datafield><datafield ind1=" " ind2=" " tag="852"><subfield code="a">46843</subfield></datafield></record></collection>